
@article{alma,
	author={Bendo, G. J. and Beswick, R. J. and Cruze, M. J. and
                Dickinson, C. and Fuller, G. A. and Muxlow, T. W. B.},
	title={ALMA observations of 99 GHz free-free and H40\alpha line
		emission from star formation in the centre of NGC 253},
	journal={Royal Astronomical Society},
	volume={450},
	year=2015,
	pages={L80-L84}

