
@article{paper,
    author={Bendo, G. J. and R. J. Beswick and M. J. Cruze
                and C. Dickinson and G. A. Fuller and T. W. B. Muxlow},
    title={ALMA observations of 99 GHz free-free and H40$\alpha$ line
           emission from star formation in the centre of NGC 253},
    journal={Royal Astronomical Society},
    year=2015,
    pages={L80-L84}
}

