@ARTICLE{sun,
   author = {{McComas}, D.~J. and {Ebert}, R.~W. and {Elliott}, H.~A.
   and 
   	{Goldstein}, B.~E. and {Gosling}, J.~T. and {Schwadron}, N.~A. and 
		{Skoug}, R.~M.},
	title = "{Weaker solar wind from the polar coronal holes
			and the whole Sun}",
	journal = {\grl},
	keywords = {Interplanetary Physics: Solar wind plasma,
			   Interplanetary Physics: Solar cycle variations (7536),
			   Interplanetary Physics: Interplanetary magnetic fields,
			   Interplanetary Physics: Heliopause and solar wind
			   termination, Interplanetary Physics: Solar wind
			   sources},
	year = 2008,
    month = sep,
    volume = 35,
	eid = {L18103},
    pages = {18103},
    doi = {10.1029/2008GL034896},
	adsurl = {http://cdsads.u-strasbg.fr/abs/2008GeoRL..3518103M},
	adsnote = {Provided by the SAO/NASA Astrophysics Data System}
}
